<record><leader>00000cas a2200000 a 4500</leader><controlfield tag="001">11635679</controlfield><controlfield tag="008">850130d18271829njuwr ne      0    0eng c</controlfield><datafield ind1=" " ind2=" " tag="010"><subfield code="a">sn 85025298 </subfield></datafield><datafield ind1=" " ind2=" " tag="040"><subfield code="a">NPX</subfield><subfield code="b">eng</subfield><subfield code="c">NPX</subfield><subfield code="d">OCL</subfield><subfield code="d">NJW</subfield><subfield code="d">CUI</subfield><subfield code="d">OCLCQ</subfield><subfield code="d">OCLCF</subfield></datafield><datafield ind1=" " ind2=" " tag="042"><subfield code="a">pcc</subfield></datafield><datafield ind1=" " ind2=" " tag="043"><subfield code="a">n-us-nj</subfield></datafield><datafield ind1=" " ind2="4" tag="050"><subfield code="a">AN</subfield></datafield><datafield ind1="0" ind2="4" tag="245"><subfield code="a">The Palladium of liberty: and general business intelligencer.</subfield></datafield><datafield ind1=" " ind2=" " tag="260"><subfield code="a">Morristown, N.J. :</subfield><subfield code="b">Jacob Mann</subfield></datafield><datafield ind1=" " ind2=" " tag="300"><subfield code="a">v.</subfield></datafield><datafield ind1=" " ind2=" " tag="310"><subfield code="a">Weekly</subfield></datafield><datafield ind1="1" ind2=" " tag="362"><subfield code="a">Began in Sept. 1827; ceased in June 1829.</subfield></datafield><datafield ind1=" " ind2=" " tag="580"><subfield code="a">Published from the same office: Patron of industry: or, register of general business intelligence, &lt;1827&gt;.</subfield></datafield><datafield ind1=" " ind2=" " tag="588"><subfield code="a">Description based on: Vol. 20, no. 1023 (Nov. 1, 1827).</subfield></datafield><datafield ind1=" " ind2="0" tag="651"><subfield code="a">Morristown (N.J.)</subfield><subfield code="v">Newspapers.</subfield></datafield><datafield ind1=" " ind2="0" tag="651"><subfield code="a">Morris County (N.J.)</subfield><subfield code="v">Newspapers.</subfield></datafield><datafield ind1=" " ind2="7" tag="655"><subfield code="a">Newspapers.</subfield><subfield code="2">fast</subfield><subfield code="0">(OCoLC)fst01423814</subfield></datafield><datafield ind1=" " ind2="7" tag="651"><subfield code="a">New Jersey</subfield><subfield code="z">Morris County.</subfield><subfield code="2">fast</subfield><subfield code="0">(OCoLC)fst01204330</subfield></datafield><datafield ind1=" " ind2="7" tag="651"><subfield code="a">New Jersey</subfield><subfield code="z">Morristown.</subfield><subfield code="2">fast</subfield><subfield code="0">(OCoLC)fst01215238</subfield></datafield><datafield ind1=" " ind2=" " tag="752"><subfield code="a">United States</subfield><subfield code="b">New Jersey</subfield><subfield code="c">Morris</subfield><subfield code="d">Morristown.</subfield></datafield><datafield ind1="0" ind2="0" tag="780"><subfield code="t">Palladium of liberty (Morristown, N.J. : 1808)</subfield><subfield code="w">(DLC)sn 84026554</subfield><subfield code="w">(OCoLC)10489675</subfield></datafield><datafield ind1="0" ind2="0" tag="785"><subfield code="t">Palladium of liberty (Morristown, N.J. : 1829)</subfield><subfield code="w">(DLC)sn 84026556</subfield><subfield code="w">(OCoLC)10489380</subfield></datafield><datafield ind1="1" ind2=" " tag="787"><subfield code="t">Patron of industry: or, register of general business intelligence</subfield><subfield code="w">(DLC)sn 86077295</subfield><subfield code="w">(OCoLC)15342062</subfield></datafield></record>